\textit{\usepackage{cite}

@book{KahnemanTFS,
  author={D. Kahneman},
  title={Thinking\, Fast and Slow},
  publisher={Farrar\, Straus and Giroux},
  address={New York},
  year={2015}
}

@misc{AIPanel,
  author={Editors},
  title={Editorial: International {AI} ethics panel must be independent},
  journal={Nature},
  volume={572},
  issue={7770},
  year={2019},
  url={https://www.nature.com/articles/d41586-019-02491-x}
}

@techreport{WeedenCan,
  author={C. Weeden},
  title={Strong Secure Engaged in a Threatened Space Domain},
  institution={Canadian Global Affairs Institute},
  year={2018},
  copyright={2018 Canadian Global Affairs Institute},
  retrieved_from={Canadian Global Affairs Institute: http://www.cgai.ca/},
  format={pdf},
  media_type={application/pdf}
}

@techreport{GAO,
  author={T. Persons},
  title={Artificial Intelligence: Emerging Opportunities, Challenges, and Implications for Policy and Research},
  report_number={GAO-18-644T},
  institution={United States Government Accountability Office},
  year={2018},
  copyright={public_domain},
  retrieved_from={United States Government Accountability office: https://www.gao.gov/},
  format={pdf},
  media_type={application/pdf},
  url={https://www.hsdl.org/?view&did=812469}
}

@techreport{WeedenSpace,
  author={B. Weeden},
  title={{US} National Security Space Policy and Strategy: From Sanctuary to Space Force},
  institution={presented at the IMOD Symposium on Space Security},
  year={2019}
}

@article{Rigas,
  author={E. S. Rigas and S. D. Ramchurn and N. Bassiliades},
  title={Managing electric vehicles in the smart grid using artificial intelligence: A survey.},
  journal={IEEE Transactions on Intelligent Transportation Systems},
  year={2015},
  month={August},
  volume={16},
  number={4},
  pages={1619-1635}
}

@techreport{Fidler,
  author={D. P. Fidler},
  title={Cybersecurity and the New Era of Space Activities},
  institution={Council on Foreign Relations},
  year={2018},
  copyright={Council on Foreign Relations. Posted here with permission. Documents are for personal use only and not for commercial profit.},
  retrieved_from={Council on Foreign Relations http://www.cfr.org},
  format={pdf},
  media_type={application/pdf},
  url={https://www.hsdl.org/?view&did=810007}
}

@article{Stephens,
  author={D. Stephens},
  title={The International Legal Implications of Military Space Operations: Examining the Interplay between International Humanitarian Law and the Outer Space Legal Regime},
  journal={International Law Studies},
  institution={Naval War College (U.S.). International Law Studies},
  year={2018},
  copyright={public_domain},
  retrieved_from={U.S. Naval War College, Stockton Center for the Study of International Law: http://stockton.usnwc.edu/},
  volume={94},
  format={pdf},
  media_type={application/pdf},
  url={https://www.hsdl.org/?view&did=810807}
}

@techreport{Frierson,
  author={N. Frierson},
  title={An Economic Goods Analysis of {U.S.} Space Situational Awareness (SSA) Policy},
  institution={Secure World Foundation},
  year={2018},
  copyright={Secure World Foundation},
  retrieved_from={Secure World Foundation: https://swfound.org/},
  format={pdf},
  media_type={application/pdf},
  url={https://swfound.org/media/206172/frierson_economics_of_ssa_may2018.pdf}
}

@techreport{Astorino,
  author={A. Astorino-Courtois},
  title={Space and {US} Deterrence},
  institution={NSI Research Group},
  year={2017},
  copyright={NSI Research Group},
  retrieved_from={NSI Research Group: http://www.nsiteam.com/},
  format={pdf},
  media_type={application/pdf},
  url={http://nsiteam.com/social/wp-content/uploads/2018/01/NSI_Space_ViTTa_Q14_Space-and-US-Deterrence_FINAL.pdf}
}

@techreport{Colby,
  author={E. A. Colby},
  title={From Sanctuary to Battlefield: A Framework for a {U.S.} Defense and Deterrence Strategy for Space},
  institution={Center for a New American Security},
  year={2016},
  copyright={2016 Center for a New American Security. Posted here with permission. Documents are for personal use only and are not to be used for commercial profit.},
  retrieved_from={Center for a New American Security: http://www.cnas.org/},
  format={pdf},
  media_type={application/pdf},
  url={https://www.hsdl.org/?view&did=789709}
}

@manual{OSTNSS,
  institution={United {States}. Office of Science and Technology Policy},
  year={2006},
  title={National Space Strategy},
  copyright={public_domain},
  retrieved_from={Office of Science and Technology Policy: http://www.ostp.gov/},
  format={pdf},
  media_type={application/pdf},
  url={https://www.hsdl.org/?view&did=466991}
}

@article{Saran,
  title={Cyber ({IN})security: Looking Back at 2017},
  author={S. Saran},
  journal={Observer Research Foundation},
  year={2017},
  month={December},
  copyright={2017 Observer Research Foundation},
  retrieved_from={Observer Research Foundation: http://www.orfonline.org/},
  format={pdf},
  media_type={application/pdf},
  url={http://cf.orfonline.org/wp-content/uploads/2017/12/Special_Report-Cyber-Insecurity-53.pdf}
}

@techreport{Cleveland,
  title={An {American} way of Political Warfare: A Proposal},
  report_number={PE-304},
  author={C. T. Cleveland and R. C. Crocker and D. Egel and A. Liepman and Maxwell, S. David},
  institution={RAND Corporation},
  year={2018},
  copyright={2018 RAND Corporation},
  retrieved_from={RAND Corporation: http://www.rand.org/},
  format={pdf},
  media_type={application/pdf},
  url={https://www.rand.org/pubs/perspectives/PE304.html}
}

@misc{acrecampaign,
  key={Acre},
  title={Delvering Hate: {How} {Amazon’s} Platforms Are Used to Spread White Supremacy, Anti-Semitism, and Islamophobia and How {Amazon} Can Stop It},
  institution={Action Center on Race and the Economy Partnership for Working Families},
  year={2018},
  copyright={Action Center on Race and the Economy},
  retrieved_from={Action Center on Race and the Economy: https://acrecampaigns.org},
  format={pdf},
  media_type={application/pdf},
  URL={https://static1.squarespace.com/static/58d8a1bb3a041137d463d64f/t/5b3e4dd403ce6479df046dd1/1530809814928/Delivering+Hate+-+Jul+2018.pdf}
}

@article{klarin_decade-long_2020,
  title = {The decade-long cryptocurrencies and the blockchain rollercoaster: Mapping the intellectual structure and charting future directions},
  volume = {51},
  issn = {0275-5319},
  doi = {10.1016/j.ribaf.2019.101067},
  number = {Journal Article},
  journal = {Research in International Business and Finance},
  author = {Klarin, Anton},
  year = {2020},
  pages = {101067}
}

@article{porayska-pomsta_blending_2018,
  title = {Blending Human and Artificial Intelligence to Support Autistic Children's Social Communication Skills},
  volume = {25},
  doi = {10.1145/3271484},
  number = {6},
  journal = {ACM Transactions on Computer-Human Interaction (TOCHI)},
  author = {Porayska-Pomsta, Kaśka and Alcorn, Alyssa and Avramides, Katerina and Beale, Sandra and Bernardini, Sara and Foster, Mary and Frauenberger, Christopher and Good, Judith and Guldberg, Karen and Keay-Bright, Wendy and Kossyvaki, Lila and Lemon, Oliver and Mademtzi, Marilena and Menzies, Rachel and Pain, Helen and Rajendran, Gnanathusharan and Waller, Annalu and Wass, Sam and Smith, Tim},
  year = {2018},
  pages = {1--35}
}

@article{miller_explanation_2019,
  title = {Explanation in artificial intelligence: {Insights} from the social sciences},
  volume = {267},
  issn = {0004-3702},
  doi = {10.1016/j.artint.2018.07.007},
  number = {Journal Article},
  journal = {Artificial Intelligence},
  author = {Miller, Tim},
  year = {2019},
  pages = {1--38}
}

@article{gheondea-eladi_patient_2019,
	title = {Patient decision aids: {A} content analysis based on a decision tree structure},
	volume = {19},
	issn = {1472-6947},
	doi = {10.1186/s12911-019-0840-x},
	number = {1},
	journal = {BMC Medical Informatics and Decision Making},
	author = {Gheondea-Eladi, Alexandra},
	year = {2019},
	pages = {137--137}
}

@article{zhang_detecting_2019,
	title = {Detecting fake news for reducing misinformation risks using analytics approaches},
	volume = {279},
	issn = {0377-2217},
	number = {3},
	journal = {European Journal of Operational Research},
	author = {Zhang, Chaowei and Gupta, Ashish and Kauten, Christian and Deokar, Amit V. and Qin, Xiao},
	year = {2019},
	pages = {1036--1052}
}

@article{she_qos-aware_2019,
  title = {{QoS}-aware cloud service composition: {A} systematic mapping study from the perspective of computational intelligence},
  volume = {138},
  issn = {0957-4174},
  doi = {10.1016/j.eswa.2019.07.021},
  number = {Journal Article},
  journal = {Expert Systems With Applications},
  author = {She, Qiping and Wei, Xiaochao and Nie, Guihua and Chen, Donglin},
  year = {2019},
  pages = {112804}
}

@article{de_rosa_analytical_2019,
	title = {Analytical games for knowledge engineering of expert systems in support to Situational Awareness: {The} {Reliability} {Game} case study},
	volume = {138},
	issn = {0957-4174},
	doi = {10.1016/j.eswa.2019.07.017},
	number = {Journal Article},
	journal = {Expert Systems With Applications},
	author = {De Rosa, Francesca and De Gloria, Alessandro and Jousselme, Anne-Laure},
	year = {2019},
	pages = {112800}
}

@article{rhim_human_2020,
  title = {Human moral reasoning types in autonomous vehicle moral dilemma: {A} cross-cultural comparison of {Korea} and {Canada}},
  volume = {102},
  issn = {0747-5632},
  doi = {10.1016/j.chb.2019.08.010},
  number = {Journal Article},
  journal = {Computers in Human Behavior},
  author = {Rhim, Jimin and Lee, Gi-bbeum and Lee, Ji-Hyun},
  year = {2020},
  pages = {39--56}
}

@article{linkevicius_linking_2019,
  title = {Linking forest policy issues and decision support tools in {Europe}},
  volume = {103},
  issn = {1389-9341},
  doi = {10.1016/j.forpol.2018.05.014},
  number = {Journal Article},
  journal = {Forest Policy and Economics},
  author = {Linkevičius, Edgaras and Borges, José G. and Doyle, Marie and Pülzl, Helga and Nordström, Eva-Maria and Vacik, Harald and Brukas, Vilis and Biber, Peter and Teder, Meelis and Kaimre, Paavo and Synek, Michal and Garcia-Gonzalo, Jordi},
  year = {2019},
  pages = {4--16}
}

@article{tanaka_disease_2018,
  title = {Disease vocabulary size as a surrogate marker for physicians' disease knowledge volume},
  volume = {13},
  issn = {1932-6203},
  doi = {10.1371/journal.pone.0209551},
  number = {12},
  journal = {PloS one},
  author = {Tanaka, Hiroaki and Ueda, Kazuhiro and Watanuki, Satoshi and Watari, Takashi and Tokuda, Yasuharu and Okumura, Takashi},
  year = {2018},
  pages = {e0209551--e0209551}
}

@article{shahid_applications_2019,
  title = {Applications of artificial neural networks in health care organizational decision-making: {A} scoping review},
  volume = {14},
  language = {English},
  number = {2},
  journal = {PloS one},
  author = {Shahid, Nida and Rappon, Tim and Berta, Whitney},
  year = {2019},
  pages = {e0212356--e0212356}
}

@article{JSmith3,
  title={Energetics of polar side-chain interactions in helical peptides: {S}alt effects on ion pairs and hydrogen bonds},
  author={J. S. Smith and J. M. Scholtz},
  journal={Biochemistry},
  volume={37},
  issue={1},	
  year={1998},
  pages={33-40}
}

@inproceedings{Everett,
  title={{Joint} {Robotics} {Program} ({JRP})-supported efforts at the {Space} and {Naval} {Warfare} {Systems} {Center}, {San} {Diego}},
  author={HG Nguyen and HR Everett},
  volume={6230},
  booktitleaddon={Proceedings of SPIE},
  booktitle={Unmanned Systems Technology VIII},
  year={2006},
  doi={10.1117/12.666618},
  location={Orlando, Fl}
}

@article{Weiner,
  author={J. Weiner},
  title={High tech in {Iraq}: {MV} soldier doing her part by repairing robots},
  journal={Mountain View Voice},
  year={2005},
  month={April},
  url={https://www.mv-voice.com/morgue/2005/2005_04_29.soldier.shtml}
}

@article{JSmith1,
  title={Guanidine hydrochloride unfolding of peptide helices: {Separation} of denaturant and salt effects},
  author={J.S. Smith and J.M. Scholtz},
  journal={Biochemistry},
  volume={35},
  issue={22}, 
  year={1996},
  pages={7292-7297}
}

@article{JSmith2,
  title={The alpha-Helix of {Ribonuclease} {T1} as an Independent Stability Unit: {Direct} Comparison of Peptide and Protein Stability},
  author={J. K. Myers and J. S. Smith and C. N. Pace and J. M. Scholtz},
  journal={Journal of Molecular Biology},
  volume={263},
  issue={3},
  pages={390-395},
  year={1996}
}
